@article{GE_LS,
	title = {Load Shedding, Load Restoration and Generator Protection Using Solid-state and Electromechanical Underfrequency Relays},
	journal = {General Electrics White Paper},
	author = {Warren C. New},
    year={2014},
},

@article{ECPAB,
	title = {Evaluation of Challenges and Potential Applications of Building-to-Grid Implementation},
	journal = {California Institute for Energy and the Environment Whitepaper},
	author = {Therese Peffer},
    year = 2010,
    month = oct,
},

@article{fengping2012distributed,
  title={Distributed system based on {ZeroMQ}},
  author={Fengping, Pu and Jianzheng, Chen},
  journal={Electronic Test},
  volume={7},
  number={7},
  pages={24--29},
  year={2012}
},

@article{mills1991internet,
  title={Internet time synchronization: the network time protocol},
  author={Mills, David L},
  journal={IEEE Transactions on communications},
  volume={39},
  number={10},
  pages={1482--1493},
  year={1991},
  publisher={IEEE}
},

@inproceedings{abramova2013nosql,
  title={NoSQL databases: MongoDB vs cassandra},
  author={Abramova, Veronika and Bernardino, Jorge},
  booktitle={Proceedings of the international C* conference on computer science and software engineering},
  pages={14--22},
  year={2013},
  organization={ACM}
}


@misc{ITIC, title={Power Quality In Electrical Systems}, url={http://www.powerqualityworld.com/2011/04/itic-power-acceptability-curve.html}, journal={ITIC CURVE - POWER ACCEPTABILITY CURVE FOR INFORMATION TECHNOLOGY EQUIPMENT}, publisher={powerqualityworld}, year={2011}, month={Apr}} 

@misc{mulkern_2013, title={A Solar Boom So Successful, It's Been Halted}, url={https://www.scientificamerican.com/article/a-solar-boom-so-successfull-its-been-halted/}, journal={Scientific American}, author={Mulkern, Anne C.}, year={2013}, month={Dec}} 

@misc{fares_2015, title={3 Reasons {Hawaii} Put the Brakes on Solar--and Why the Same Won't Happen in Your State}, url={https://blogs.scientificamerican.com/plugged-in/3-reasons-hawaii-put-the-brakes-on-solar-and-why-the-same-won-t-happen-in-your-state/}, journal={Scientific American Blog Network}, author={Fares, Robert}, year={2015}, month={Dec}} 
