 @misc{w:calc_lat_lng,
	title = {Calculate distance and bearing between two {Latitude}/{Longitude} points using haversine formula in {JavaScript}},
	url = {http://www.movable-type.co.uk/scripts/latlong.html},
	urldate = {2016-03-04}
}

@inproceedings{p:kursawe_privacy_friendly_2011,
	title = {Privacy-friendly aggregation for the smart-grid},
	urldate = {2016-03-04},
	booktitle = {Privacy {Enhancing} {Technologies}},
	publisher = {Springer},
	author = {Kursawe, Klaus and Danezis, George and Kohlweiss, Markulf},
	year = {2011},
	pages = {175--191}
}

@article{baumeister2010literature,
  title={Literature review on smart grid cyber security},
  author={Baumeister, Todd},
  journal={Collaborative Software Development Laboratory at the University of Hawaii},
  year={2010}
}

@article{whitehouse,
	title={REPORT TO THE PRESIDENT BIG DATA AND PRIVACY: A TECHNOLOGICAL PERSPECTIVE},
	author={Executive Office of the President Presidentâ€™s	Council	of	Advisors on	Science and Technology},
	year={2014}
}


@article{samet_quadtree_1984,
	title = {The quadtree and related hierarchical data structures},
	volume = {16},
	number = {2},
	urldate = {2016-03-05},
	journal = {ACM Computing Surveys (CSUR)},
	author = {Samet, Hanan},
	year = {1984},
	pages = {187--260}
}


@misc{m:ITIC,
	title = {{ITIC} {CURVE} - {POWER} {ACCEPTABILITY} {CURVE} {FOR} {INFORMATION} {TECHNOLOGY} {EQUIPMENT} {\textbar} {Power} {Quality} {In} {Electrical} {Systems}},
	url = {http://www.powerqualityworld.com/2011/04/itic-power-acceptability-curve.html}
}

@article{zhang2010wide,
  title={Wide-area frequency monitoring network (FNET) architecture and applications},
  author={Zhang, Yingchen and Markham, Penn and Xia, Tao and Chen, Lang and Ye, Yanzhu and Wu, Zhongyu and Yuan, Zhiyong and Wang, Lei and Bank, Jason and Burgett, Jon and others},
  journal={Smart Grid, IEEE Transactions on},
  volume={1},
  number={2},
  pages={159--167},
  year={2010},
  publisher={IEEE}
}

@inproceedings{von2014micro,
  title={Micro-synchrophasors for distribution systems.},
  author={von Meier, Alexandra and Culler, David E and McEachern, Alex and Arghandeh, Reza},
  booktitle={ISGT},
  pages={1--5},
  year={2014}
}

@article{daponte2004transientmeter,
  title={TransientMeter: a distributed measurement system for power quality monitoring},
  author={Daponte, P and Penta, M Di and Mercurio, G},
  journal={Power Delivery, IEEE Transactions on},
  volume={19},
  number={2},
  pages={456--463},
  year={2004},
  publisher={IEEE}
}

@article{byman2000using,
  title={Using distributed power quality monitoring for better electrical system management},
  author={Byman, Ben and Yarborough, Tom and Carolsfeld, Von and Schnorr, Rudolf and Van Gorp, John},
  journal={Industry Applications, IEEE Transactions on},
  volume={36},
  number={5},
  pages={1481--1485},
  year={2000},
  publisher={IEEE}
}

@article{cristaldi2002distributed,
  title={A distributed system for electric power quality measurement},
  author={Cristaldi, Loredana and Ferrero, Alessandro and Salicone, Simona},
  journal={Instrumentation and Measurement, IEEE Transactions on},
  volume={51},
  number={4},
  pages={776--781},
  year={2002},
  publisher={IEEE}
}
